<record><leader>00000cas a22000007a 4500</leader><controlfield tag="001">10860263</controlfield><controlfield tag="008">840619d18691890iaucr ne      0    0eng d</controlfield><datafield ind1=" " ind2=" " tag="010"><subfield code="a">sn 84027076 </subfield></datafield><datafield ind1=" " ind2=" " tag="040"><subfield code="a">NPU</subfield><subfield code="b">eng</subfield><subfield code="c">NPU</subfield><subfield code="d">NPX</subfield><subfield code="d">INP</subfield><subfield code="d">OCLCQ</subfield></datafield><datafield ind1=" " ind2=" " tag="042"><subfield code="a">msc</subfield></datafield><datafield ind1="0" ind2="4" tag="245"><subfield code="a">The Clinton age.</subfield></datafield><datafield ind1=" " ind2=" " tag="260"><subfield code="a">Clinton, Iowa :</subfield><subfield code="b">E.H. Thayer,</subfield><subfield code="c">1869-1890.</subfield></datafield><datafield ind1=" " ind2=" " tag="300"><subfield code="a">v. ;</subfield><subfield code="c">54 cm.</subfield></datafield><datafield ind1=" " ind2=" " tag="310"><subfield code="a">Semiweekly,</subfield><subfield code="b">May 20-June 24, 1890</subfield></datafield><datafield ind1=" " ind2=" " tag="321"><subfield code="a">Weekly,</subfield><subfield code="b">Nov. 12, 1869-May 16, 1890</subfield></datafield><datafield ind1="0" ind2=" " tag="362"><subfield code="a">Vol. 2, no. 31 (Nov. 12, 1869)-v. 23, no. 4 (May 16, 1890) ; [v. 6 no. 25] (May 20, 1890)-v. 6, no. 30 (June 24, 1890).</subfield></datafield><datafield ind1=" " ind2=" " tag="500"><subfield code="a">Issues for &lt;May 23&gt;-June 24, 1890 are called weekly ed.</subfield></datafield><datafield ind1=" " ind2=" " tag="500"><subfield code="a">Publisher varies.</subfield></datafield><datafield ind1=" " ind2=" " tag="500"><subfield code="a">Editor: E.H. Thayer, &lt;1876&gt;.</subfield></datafield><datafield ind1=" " ind2=" " tag="515"><subfield code="a">Issues for &lt;May 20&gt;-June 24, 1890 have irregular numbering.</subfield></datafield><datafield ind1=" " ind2=" " tag="752"><subfield code="a">United States</subfield><subfield code="b">Iowa</subfield><subfield code="c">Clinton</subfield><subfield code="d">Clinton.</subfield></datafield><datafield ind1="0" ind2=" " tag="775"><subfield code="t">Clinton morning age</subfield><subfield code="w">(DLC)sn 87058131</subfield></datafield><datafield ind1="0" ind2="0" tag="780"><subfield code="t">Iowa age</subfield><subfield code="w">(DLC)sn 85049595</subfield></datafield><datafield ind1="0" ind2="0" tag="785"><subfield code="t">Clinton weekly age</subfield><subfield code="w">(DLC)snh87058129</subfield></datafield><datafield ind1="1" ind2=" " tag="029"><subfield code="a">AU@</subfield><subfield code="b">000025787216</subfield></datafield></record>